@article{ZOU2024107839,
title = {Edge-preserving light-field image super-resolution via feature affine transformation network},
journal = {Optics and Lasers in Engineering},
volume = {172},
pages = {107839},
year = {2024},
issn = {0143-8166},
doi = {https://doi.org/10.1016/j.optlaseng.2023.107839},
url = {https://www.sciencedirect.com/science/article/pii/S0143816623003688},
author = {Rong Zou and Wenjie Dai and Shenghe Bai and Senlin Mu},
keywords = {Light-field image, Super-resolution, Macro-pixel image, Edge map, Feature affine transformation},
abstract = {In the practical application of light-field (LF) images, researchers are often plagued by the problem of low spatial resolution. In this study, we propose a novel method for super-resolution of LF images that uses both the macro-pixel image (MacPI) and the sub-aperture image (SAI) of the LF. The MacPI is considered to contain rich angular information that can be used to enhance the super-resolution effect. In addition, in order to maintain the edge features of the image, we introduce the edge map into the condition network to generate prior conditions together with the MacPI. Specifically, we design a feature affine-transformation module that uses the conditions as input to obtain affine-transformation parameters, which guide the features extracted from the SAIs in the backbone network. Additionally, the network uses the features of the central SAI combined with the affine-transformed backbone network features to enhance the super-resolution effect. Finally, the super-resolution LF image is recovered using an up-sampling network. Experimental results on synthetic and real-world datasets demonstrate that the proposed method is highly competitive with other mainstream models in terms of both visual and quantitative evaluation.}
}
@book{urry2019,
  author   = {Urry, Lisa A. and Cain, Michael L. and Wasserman, Steven A. and Minorsky, Peter V. and Reece, Jane B.},
  title    = {{Campbell Biologie }},
  abstract = {{Der "Campbell Biologie" wird nicht umsonst h\"aufig auch als die "Bibel der Biologen" bezeichnet. Vor allem die einzigartige Ausgewogenheit aus Verst\"andlichkeit und wissenschaftlicher Pr\"agnanz sichern ihm weltweit seinen Platz als das Standardwerk der Biologie. Die 11., aktualisierte, inhaltlich vollst\"andig \"uberarbeitete und an das Studium in Deutschland, \"Osterreich und der Schweiz angepasste Auflage setzt hier erneut h\"ochste Ma\ssst\"abe. Das 26-k\"opfige Team aus renommierten und erfahrenen Dozentinnen und Dozenten, unter der Leitung von Prof. Dr. J\"urgen J. Heinisch und Prof. Dr. Achim Paululat, greift auch aktuelle Themen wieder geschickt auf. Mit QR-Codes im Buch k\"onnen erstmals kurze Lernvideos direkt per Smartphone oder Tablet abgerufen werden.Erg\"anzt wird das Buch durch eine jetzt noch intuitivere Online-Lernumgebung. \"Uber einen ins Buch eingedruckten Code erhalten Sie Zugang zu einer umfangreichen Mediathek mit vielen Videos, Animationen, \"Ubungsaufgaben, digitalen Lernkarten sowie einer digitalen Ausgaben des Buchs – zum Lesen und Lernen, wo immer Sie gerade sind.Wichtiger Hinweis f\"ur K\"aufer der eBook/Kindle-Version:Leider k\"onnen wir noch keinen automatisierten Versand des Zugangcodes zum MyLab | Biologie erm\"oglichen. Bitte wenden Sie sich mit Ihrer Rechnung (PDF) an unseren Support, der Ihnen dann umgehend einen Zugangscode zukommen l\"asst. Wir arbeiten an diesem Problem und bedanken uns f\"ur Ihr Verst\"andnis.Hier finden Sie Downloads zu diesem Titel.}},
  pages    = {1744},
  publisher = {Pearson Deutschland},
  year     = {2019},
  isbn     = {9783868943665},
  doi      = {},
  url      = {https://elibrary.pearson.de/book/99.150005/9783863268671},
  keywords = {Faktenwissen},
  keywords = {Tiere},
  keywords = {Campbell},
  keywords = {Biologie},
  keywords = {Grundlage},
  keywords = {Ökologie},
  keywords = {Zelle},
  keywords = {Evolution},
  keywords = {Schlüsselthemen},
  keywords = {Pflanzen},
  keywords = {Genetik}
}
@book{exp,
  author   = {Rainer Matyssek, Werner B. Herppich},
  title    = {{Experimentelle Pflanzenökologie}},
  publisher = {Springer Spektrum Berlin, Heidelberg},
  isbn     = {978-3-662-53493-9},
  year     = {2020},
  doi      = {},
}
@book{oeko,
  author   = {Frank Thomas},
  title    = {{Grundzüge der Pflanzenökologie}},
  publisher = {Springer Spektrum Berlin, Heidelberg},
  isbn     = {978-3-662-54139-5},
  year     = {2018},
  doi      = {https://doi.org/10.1007/978-3-662-54139-5},
}
